@article{seto2011meta,
  title={A meta-analysis of global urban land expansion},
  author={Seto, Karen C and Fragkias, Michail and G{\"u}neralp, Burak and Reilly, Michael K},
  journal={PloS one},
  volume={6},
  number={8},
  pages={e23777},
  year={2011},
  publisher={Public Library of Science}
}

@article{hatley2005energy,
  title={Energy management and control system: Desired capabilities and functionality},
  author={Hatley, Darrel D and Meador, Richard J and Katipamula, Srinivas and Brambley, Michael R and Wouden, Carl},
  journal={Pacific Northwest National Laboratory, Richland, WA},
  year={2005}
}

@article{vullers2010energy,
  title={Energy harvesting for autonomous wireless sensor networks},
  author={Vullers, Rudd and Schaijk, Rob and Visser, Hubregt and Penders, Julien and Hoof, Chris},
  journal={IEEE Solid-State Circuits Magazine},
  volume={2},
  number={2},
  pages={29--38},
  year={2010}
}

@article{laxman2006survey,
  title={A survey of temporal data mining},
  author={Laxman, Srivatsan and Sastry, P Shanti},
  journal={Sadhana},
  volume={31},
  number={2},
  pages={173--198},
  year={2006},
  publisher={Springer}
}

@article{eamonn-kais,
  title={{Exact indexing of dynamic time warping}},
  author={Keogh, Eamonn and Ratanamahatana, Chotirat Ann},
  journal={Knowledge and Information Systems},
  _volume={7},
  _number={3},
  _pages={358--386},
  year={2005},
  _xpublisher={Springer}
}

@inproceedings{eamon-icdm,
  title={{Hot sax: efficiently finding the most unusual time series
      Subsequence}},
  author={Keogh, Eamonn and Lin, Jessica and Fu, Ada},
  booktitle={Proceedings of the 5th IEEE international Conference on Data Mining},
   year={2005},
  _pages={8--pp},
  _xorganization={Ieee}
}

@inproceedings{motif1,
  title={{Probabilistic discovery of time series motifs}},
  author={Chiu, Bill and Keogh, Eamonn and Lonardi, Stefano},
  booktitle={Proceedings of the 9th ACM SIGKDD International Conference on
      Knowledge discovery and Data Mining},
   year={2003},
  _pages={493--498},
  _xorganization={ACM}
}

@inproceedings{motif2,
  title={{Detecting time series motifs under uniform scaling}},
  author={Yankov, Dragomir and Keogh, Eamonn and Medina, Jose and Chiu, Bill and Zordan, Victor},
  booktitle={Proceedings of the 13th ACM SIGKDD international Conference on Knowledge Discovery and Data Mining},
  year={2007},
  _pages={844--853},
  _xorganization={ACM}
}

@inproceedings{motifgoal,
  title={{Sustainable operation and ,anagement of data center chillers using temporal data mining}},
  author={Patnaik, Debprakash and Marwah, Manish and Sharma, Ratnesh and Ramakrishnan, Naren},
  booktitle={Proceedings of the 15th ACM SIGKDD international Conference on
      Knowledge Discovery and Data Mining},
  year={2009},
  _pages={1305--1314},
  _xorganization={ACM}
}

@inproceedings{minnen2007improving,
  title={Improving Activity Discovery with Automatic Neighborhood Estimation},
  author={Minnen, David and Starner, Thad and Essa, Irfan A and Isbell Jr, Charles Lee},
  booktitle={IJCAI},
  volume={7},
  pages={2814--2819},
  year={2007}
}

@article{tanaka2005discovery,
  title={Discovery of time-series motif from multi-dimensional data based on MDL principle},
  author={Tanaka, Yoshiki and Iwamoto, Kazuhisa and Uehara, Kuniaki},
  journal={Machine Learning},
  volume={58},
  number={2-3},
  pages={269--300},
  year={2005},
  publisher={Springer}
}

@inproceedings{laxman2008stream,
  title={{Stream prediction using a generative model based on frequent episodes
      in event sequences}},
  author={Laxman, Srivatsan and Tankasali, Vikram and White, Ryen W},
  booktitle={Proceeding of the 14th ACM SIGKDD International Conference on Knowledge Discovery and Data Mining},
   year={2008},
  _pages={453--461},
  _xorganization={ACM}
}

@inproceedings{srikant-agrawal,
  title={Mining sequential patterns},
  author={Agrawal, Rakesh and Srikant, Ramakrishnan},
  booktitle={Proceedings of the Eleventh International Conference on Data Engineering},
  _pages={3--14},
  year={1995},
  _organization={IEEE}
}

@inproceedings{vatsan-paper,
  title={{Stream prediction using a generative model based on frequent episodes
      in event sequences}},
  author={Laxman, Srivatsan and Tankasali, Vikram and White, Ryen W},
  booktitle={Proceedings of the 14th ACM SIGKDD International Conference on Knowledge
      Discovery and Data Mining},
  _pages={453--461},
  year={2008},
  _xorganization={ACM}
}

@article{rasmussen2000infinite,
  title={{The Infinite Gaussian mixture model}},
  author={Rasmussen, Carl Edward},
  journal={Advances in Neural Information Processing Systems}},
  _volume={12},
  _number={5.2},
  _pages={2},
  year={2000}
}

@article{gorur2010dirichlet,
  title={{Dirichlet process Gaussian mixture models: choice of the base
      distribution}},
  author={G{\"o}r{\"u}r, Dilan and Rasmussen, Carl Edward},
  journal={Journal of Computer Science and Technology},
  _volume={25},
  _number={4},
  _pages={653--664},
  year={2010},
  _xpublisher={Springer}
}

@article{carboni2016contextualising,
  title={Contextualising Water Use in Residential Settings: A Survey of Non-Intrusive Techniques and Approaches},
  author={Carboni, Davide and Gluhak, Alex and McCann, Julie A and Beach, Thomas H},
  journal={Sensors},
  volume={16},
  number={5},
  pages={738},
  year={2016},
  publisher={Multidisciplinary Digital Publishing Institute}
}

%%% the following are for ADL
@article{erickson2014occupancy,
  title={Occupancy modeling and prediction for building energy management},
  author={Erickson, Varick L and Carreira-Perpi{\~n}{\'a}n, Miguel {\'A} and Cerpa, Alberto E},
  journal={ACM Transactions on Sensor Networks (TOSN)},
  year={2014},
  _volume={10},
  _number={3},
  _pages={42},
  _publisher={ACM}
}

@inproceedings{kleiminger2014smart,
  title={Smart heating control with occupancy prediction: how much can one save?},
  author={Kleiminger, Wilhelm and Santini, Silvia and Mattern, Friedemann},
  booktitle={Proceedings of the 2014 ACM International Joint Conference on Pervasive and Ubiquitous Computing: Adjunct Publication},
  year={2014},
  _pages={947--954},
  _organization={ACM}
}

@inproceedings{koehler2013therml,
  title={TherML: occupancy prediction for thermostat control},
  author={Koehler, Christian and Ziebart, Brian D and Mankoff, Jennifer and Dey, Anind K},
  booktitle={Proceedings of the 2013 ACM international Joint Conference on Pervasive and Ubiquitous Computing},
  year={2013},
  _pages={103--112},
  _organization={ACM}
}

@article{kiukkonen2010towards,
  title={Towards rich mobile phone datasets: Lausanne data collection campaign},
  author={Kiukkonen, Niko and Blom, Jan and Dousse, Olivier and Gatica-Perez, Daniel and Laurila, Juha},
  journal={Proc. ICPS, Berlin},
  year={2010}
}

@incollection{krumm2011learning,
  title={Learning time-based presence probabilities},
  author={Krumm, John and Brush, AJ Bernheim},
  booktitle={Pervasive Computing},
  _pages={79--96},
  year={2011},
  _publisher={Springer}
}

@inproceedings{scott2011preheat,
  title={PreHeat: controlling home heating using occupancy prediction},
  author={Scott, James and Bernheim Brush, AJ and Krumm, John and Meyers, Brian and Hazas, Michael and Hodges, Stephen and Villar, Nicolas},
  booktitle={Proceedings of the 13th International Conference on Ubiquitous Computing},
  year={2011},
  _pages={281--290},
  _organization={ACM}
}

@inproceedings{beltran2014optimal,
  title={Optimal HVAC building control with occupancy prediction},
  author={Beltran, Alex and Cerpa, Alberto E},
  booktitle={Proceedings of the 1st ACM Conference on Embedded Systems for Energy-Efficient Buildings},
  year={2014},
  _pages={168--171},
  _organization={ACM}
}

@article{huang2014wireless,
  title={Wireless spectrum occupancy prediction based on partial periodic pattern mining},
  author={Huang, Pei and Liu, Chin-Jung and Yang, Xi and Xiao, Li and Chen, Jin},
  journal={ IEEE Transactions on Parallel and Distributed Systems},
  year={2014},
  _volume={25},
  _number={7},
  _pages={1925--1934},
  _publisher={IEEE}
}

@inproceedings{alrazgan2011learning,
  title={Learning occupancy prediction models with decision-guidance query language},
  author={Alrazgan, Abdullah and Nagarajan, Ajay and Brodsky, Alexander and Egge, Nathan E},
  booktitle={Proceedings of the 44th Hawaii International Conference on System Sciences (HICSS)},
  year={2011},
  _pages={1--10},
  _organization={IEEE}
}

@inproceedings{mahmoud2010occupancy,
  title={Occupancy pattern extraction and prediction in an inhabited intelligent environment using NARX networks},
  author={Mahmoud, Sawsan M and Lotfi, Ahmad and Langensiepen, Caroline},
  booktitle={Intelligent Environments},
  year={2010}
  _pages={58--63},
}

@inproceedings{manna2013learning,
  title={Learning occupancy in single person offices with mixtures of multi-lag Markov chains},
  author={Manna, Carlo and Fay, Damien and Brown, Kenneth N and Wilson, Nic},
  booktitle={Proceedings of the IEEE 25th International Conference on Tools with Artificial Intelligence (ICTAI)},
  year={2013},
  _pages={151--158},
  _organization={IEEE}
}

@inproceedings{erickson2013poem,
  title={POEM: Power-efficient occupancy-based energy management system},
  author={Erickson, Varick L and Achleitner, Stefan and Cerpa, Alberto E},
  booktitle={Proceedings of the ACM/IEEE International Conference on Information Processing in Sensor Networks (IPSN)},
  year={2013},
  _pages={203--216},
  _organization={IEEE}
}

@article{mahmoud2013behavioural,
  title={Behavioural pattern identification and prediction in intelligent environments},
  author={Mahmoud, Sawsan and Lotfi, Ahmad and Langensiepen, Caroline},
  journal={Applied Soft Computing},
  year={2013},
  _volume={13},
  _number={4},
  _pages={1813--1822},
  _publisher={Elsevier}
}

@inproceedings{kleiminger2013occupancy,
  title={Occupancy detection from electricity consumption data},
  author={Kleiminger, Wilhelm and Beckel, Christian and Staake, Thorsten and Santini, Silvia},
  booktitle={Proceedings of the 5th ACM Workshop on Embedded Systems For Energy-Efficient Buildings},
  year={2013},
  _pages={1--8},
  _organization={ACM}
}

@inproceedings{erickson2010occupancy,
  title={Occupancy based demand response HVAC control strategy},
  author={Erickson, Varick L and Cerpa, Alberto E},
  booktitle={Proceedings of the 2nd ACM Workshop on Embedded Sensing Systems for Energy-Efficiency in Building},
  year={2010},
  _pages={7--12},
  _organization={ACM}
}

@inproceedings{baumann2013influence,
  title={The influence of temporal and spatial features on the performance of next-place prediction algorithms},
  author={Baumann, Paul and Kleiminger, Wilhelm and Santini, Silvia},
  booktitle={Proceedings of the 2013 ACM International Joint Conference on Pervasive and Ubiquitous Computing},
  year={2013},
  _pages={449--458},
  _organization={ACM}
}

@inproceedings{baumann2013long,
  title={How long are you staying?: predicting residence time from human mobility traces},
  author={Baumann, Paul and Kleiminger, Wilhelm and Santini, Silvia},
  booktitle={Proceedings of the 19th Annual International Conference on Mobile Computing \& Networking},
  year={2013},
  _pages={231--234},
  _organization={ACM}
}

@article{kleiminger2013inferring,
  title={Inferring household occupancy patterns from unlabelled sensor data},
  author={Kleiminger, Wilhelm and Beckel, Christian and Dey, Anind and Santini, Silvia},
  year={2013},
  _journal={month},
  _publisher={ETH Zurich}
}

@incollection{tominaga2012unified,
  title={A unified framework for modeling and predicting going-out behavior},
  author={Tominaga, Shoji and Shimosaka, Masamichi and Fukui, Rui and Sato, Tomomasa},
  booktitle={Pervasive Computing},
  year={2012},
  _pages={73--90},
  _publisher={Springer}
}

@inproceedings{laxman2008stream,
  title={Stream prediction using a generative model based on frequent episodes in event sequences},
  author={Laxman, Srivatsan and Tankasali, Vikram and White, Ryen W},
  booktitle={Proceedings of the 14th ACM SIGKDD International Conference on Knowledge Discovery and Data Mining},
  year={2008},
  _pages={453--461},
  _organization={ACM}
}

@article{laxman2005discovering,
  title={Discovering frequent episodes and learning hidden markov models: A formal connection},
  author={Laxman, Srivatsan and Sastry, PS and Unnikrishnan, KP},
  journal={IEEE Transactions on Knowledge and Data Engineering},
  year={2005},
  _volume={17},
  _number={11},
  _pages={1505--1517},
  _publisher={IEEE}
}

@article{mannila1997discovery,
  title={Discovery of frequent episodes in event sequences},
  author={Mannila, Heikki and Toivonen, Hannu and Verkamo, A Inkeri},
  journal={Data Mining and Knowledge Discovery},
  year={1997},
  _volume={1},
  _number={3},
  _pages={259--289},
  _publisher={Springer}
}

@article{patnaik2008inferring,
  title={Inferring neuronal network connectivity from spike data: A temporal data mining approach},
  author={Patnaik, Debprakash and Sastry, PS and Unnikrishnan, K},
  journal={Scientific Programming},
  year={2008},
  _volume={16},
  _number={1},
  _pages={49--77},
  _publisher={Hindawi Publishing Corporation}
}

@article{energydatabook2011, 
title={Buildings Energy Data Book}, 
journal={Energy Efficiency and Renewable Energy},
year={2011},
_publisher={U.S. Department of Energy}
}

@inproceedings{albadi2007demand,
  title={Demand response in electricity markets: An overview},
  author={Albadi, Mohamed H and El-Saadany, EF},
  booktitle={2007 IEEE power engineering society general meeting},
  year={2007}
}

@inproceedings{ranjan2013rf,
  title={An RF doormat for tracking people's room locations},
  author={Ranjan, Juhi and Yao, Yu and Whitehouse, Kamin},
  booktitle={Proceedings of the ACM International Joint Conference on Pervasive and Ubiquitous Computing},
  year={2013},
  _pages={797--800},
  _organization={ACM}
}

@inproceedings{hnat2012doorjamb,
  title={Doorjamb: unobtrusive room-level tracking of people in homes using doorway sensors},
  author={Hnat, Timothy W and Griffiths, Erin and Dawson, Ray and Whitehouse, Kamin},
  booktitle={Proceedings of the 10th ACM Conference on Embedded Network Sensor Systems},
  year={2012},
  _pages={309--322},
  _organization={ACM}
}

@incollection{srinivasan2010using,
  title={Using height sensors for biometric identification in multi-resident homes},
  author={Srinivasan, Vijay and Stankovic, John and Whitehouse, Kamin},
  booktitle={Pervasive Computing},
  year={2010},
  _pages={337--354},
  _publisher={Springer}
}

%%% for multivariate disagg and introduction and conclusion

@article{hart1992,
  author = {Hart, George William},
  title = {Nonintrusive appliance load monitoring},
  journal = {Proceedings of the {IEEE}},
  year = {1992},
  _volume = {80},
  _number = {2},
  _pages = {1870--1891}
}

@inproceedings{shao2013temporal,
  address ={Bellevue, U.S.A.},
  title={A Temporal Motif Mining Approach to Unsupervised Energy Disaggregation: Applications to Residential and Commercial Buildings},
  author={Shao, Huijuan and Marwah, Manish and Ramakrishnan, Naren},
  year={2013},
  _month= July,
 }
 
 @article{kleiminger2014predicting,
  title={Predicting household occupancy for smart heating control: A comparative performance analysis of state-of-the-art approaches},
  author={Kleiminger, Wilhelm and Mattern, Friedemann and Santini, Silvia},
  journal={Energy and Buildings},
  _volume={85},
  _pages={493--505},
  year={2014},
  _publisher={Elsevier}
}


@inproceedings{rakthanmanon2012searching,
	title={Searching and mining trillions of time series subsequences under dynamic time warping},
	author={Rakthanmanon, Thanawin and Campana, Bilson and Mueen, Abdullah and Batista, Gustavo and Westover, Brandon and Zhu, Qiang and Zakaria, Jesin and Keogh, Eamonn},
	booktitle={Proceedings of the 18th ACM SIGKDD international conference on Knowledge discovery and data mining},
	pages={262--270},
	year={2012},
	organization={ACM}
}

@article{nguyen2013development,
	title={Development of an intelligent model to categorise residential water end use events},
	author={Nguyen, Khoi Anh and Zhang, Hong and Stewart, Rodney Anthony},
	journal={Journal of Hydro-Environment Research},
	volume={7},
	number={3},
	pages={182--201},
	year={2013},
	publisher={Elsevier}
}

@misc{Thornburg01,
  author =       "Harry Thornburg",
  year =         "2001",
  title =        "Introduction to Bayesian Statistics",
  note =         "",
  url =           "http://ccrma.stanford.edu/~jos/bayes/bayes.html",
  howpublished = "",
  month = 	 mar,
  lastaccessed = "March 2, 2005",
}

@misc{eMonitor,
  author = {EnergyCircle},
  year = {2016},
  title = {eMonitor Sensor},
  url = {http://www.energycircle.com/energy-monitors/emonitor-energy-monitor-service-3rd-generation},
}

@article{book2014us, 
title={Buildings Energy Data Book}, 
journal={Energy Efficiency and Renewable Energy},
year={2014},
publisher={U.S. Department of Energy}
url={http://buildingsdatabook.eren.doe.gov/TableView.aspx?table=1.1.3}
}

@phdthesis{shaw2000PhdThesis,
    author = {Shaw, Steven Robert},
    title = {System identification techniques and modeling for nonintrusive load diagnositics},
    year ={2000}
    school = {Massachusetts Institute of Technology},
    _address = {Boston, MA},
    }

@article{srinivasan2006neural,
  title={Neural-network-based signature recognition for harmonic source identification},
  author={Srinivasan, D. and Ng, WS and Liew, AC},
  journal={IEEE Transactions on Power Delivery},
  year={2006},
  _volume={21},
  _number={1},
  _pages={398--405},
  _publisher={IEEE}
}   
  
@article{lam2007novel,
  title={A Novel Method to Construct Taxonomy Electrical Appliances Based on Load Signatures},
  author={Lam, HY and Fung, GSK and Lee, WK},
  journal={IEEE Transactions on Consumer Electronics},
  year={2007},
  _volume={53},
  _number={2},
  _pages={653--660},
  _publisher={IEEE}
}

@inproceedings{chan2000harmonics,
  title={Harmonics load signature recognition by wavelets transforms},
  author={Chan, WL and So, Albert TP and Lai, LL},
  booktitle={Proceedings of the IEEE International Conference on Electric Utility Deregulation and Restructuring and Power Technologies},
  year={2000},
  _pages={666--671},
  _organization={IEEE}
}

@inproceedings{patel2007flick,
  title={At the flick of a switch: detecting and classifying unique electrical events on the residential power line},
  author={Patel, Shwetak N and Robertson, Thomas and Kientz, Julie A and Reynolds, Matthew S and Abowd, Gregory D},
  booktitle={Proceedings of the 9th International Conference on Ubiquitous computing},
  year={2007},
  _pages={271--288},
  _organization={Springer-Verlag}
}

@inproceedings{kim2011unsupervised,
  title={Unsupervised disaggregation of low frequency power measurements},
  author={Kim, Hyungsul and Marwah, Manish and Arlitt, Martin F and Lyon, Geoff and Han, Jiawei},
  booktitle={Proceedings of the SIAM International Conference on Data Mining},
   year={2011}, 
  pages={747--758},
}

@inproceedings{gonccalves2011unsupervised,
  title={Unsupervised disaggregation of appliances using aggregated consumption data},
  author={Goncalves, Hugo and Ocneanu, Adrian and Berges, Mario and Fan, RH},
  year={2011}
  booktitle={Proceedings of The 1st KDD Workshop on Data Mining Applications in Sustainability (SustKDD)},
  _address={San Diego, CA}
}
  
@inproceedings{kolter2012aistat,
  title={Approximate inference in additive
factorial HMMs with application to energy disaggregation},
  author={Kolter, J Zico and Jaakkola, Tommi S},
  booktitle={International Conference on Artificial Intelligence and Statistics},
  year={2012},
  _volume={22},
  _pages={1472-1482},
}

@inproceedings{parson2012nonintrusive,
  address ={Toronto, Canada},
  title={Non-intrusive load monitoring using prior models of general appliance types},
  author={Parson, Oliver and Ghosh, Siddhartha and Weal, Mark and Rogers, Alex},
  booktitle = {Proceedings of the 26th AAAI Conference on Artificial Intelligence},
  year={2012},
  _month={Jul}
}

@article{johnson2012bayesian,
  title={Bayesian nonparametric hidden semi-Markov models},
  author={Johnson, Matthew J and Willsky, Alan S},
  journal={CoRR},
  year={2012},
  _volume={abs/1203.3485},
  _ee={http://arxiv.org/abs/1203.3485},
  _bibsource={DBLP, http://dblp.uni-trier.de}
}




  
  
